@Book{xie2015,
  title = {Dynamic Documents with {R} and knitr},
  author = {Yihui Xie},
  publisher = {Chapman and Hall/CRC},
  address = {Boca Raton, Florida},
  year = {2015},
  edition = {2nd},
  note = {ISBN 978-1498716963},
  url = {http://yihui.org/knitr/},
}

@article{Mirra479,
	author = {Mirra, S. S. and Heyman, A. and McKeel, D. and Sumi, S. M. and Crain, B. J. and Brownlee, L. M. and Vogel, F. S. and Hughes, J. P. and Belle, G. van and Berg, L.},
	title = {The Consortium to Establish a Registry for Alzheimer{\textquoteright}s Disease (CERAD)},
	volume = {41},
	number = {4},
	pages = {479--479},
	year = {1991},
	doi = {10.1212/WNL.41.4.479},
	publisher = {Wolters Kluwer Health, Inc. on behalf of the American Academy of Neurology},
	issn = {0028-3878},
	URL = {https://n.neurology.org/content/41/4/479},
	eprint = {https://n.neurology.org/content/41/4/479.full.pdf},
	journal = {Neurology}
}

@article{10.1038/sdata.2018.142, 
  author = {Jager, Philip L De and Ma, Yiyi and McCabe, Cristin and Xu, Jishu and Vardarajan, Badri N and Felsky, Daniel and Klein, Hans-Ulrich and White, Charles C and Peters, Mette A and Lodgson, Ben and Nejad, Parham and Tang, Anna and Mangravite, Lara M and Yu, Lei and Gaiteri, Chris and Mostafavi, Sara and Schneider, Julie A and Bennett, David A}, 
  title = {{A multi-omic atlas of the human frontal cortex for aging and Alzheimerâ€™s disease research}}, 
  doi = {10.1038/sdata.2018.142}, 
  pmid = {30084846}, 
  pages = {180142}, 
  number = {1}, 
  volume = {5}, 
  journal = {Scientific Data}, 
  year = {2018}
}

@article{10.1038/sdata.2018.185, 
author = {Wang, Minghui and Beckmann, Noam D. and Roussos, Panos and Wang, Erming and Zhou, Xianxiao and Wang, Qian and Ming, Chen and Neff, Ryan and Ma, Weiping and Fullard, John F. and Hauberg, Mads E. and Bendl, Jaroslav and Peters, Mette A. and Logsdon, Ben and Wang, Pei and Mahajan, Milind and Mangravite, Lara M. and Dammer, Eric B. and Duong, Duc M. and Lah, James J. and Seyfried, Nicholas T. and Levey, Allan I. and Buxbaum, Joseph D. and Ehrlich, Michelle and Gandy, Sam and Katsel, Pavel and Haroutunian, Vahram and Schadt, Eric and Zhang, Bin}, 
title = {{The Mount Sinai cohort of large-scale genomic, transcriptomic and proteomic data in Alzheimer's disease}}, 
doi = {10.1038/sdata.2018.185}, 
pmid = {30204156}, 
pages = {180185}, 
number = {1}, 
volume = {5}, 
journal = {Scientific Data}, 
keywords = {msbb}, 
year = {2018}
}

